<record><leader>00000cas a2200000Ma 4500</leader><controlfield tag="001">10942929</controlfield><controlfield tag="008">840712d18211832alucr ne      0    0eng d</controlfield><datafield ind1=" " ind2=" " tag="010"><subfield code="a">sn 84023542 </subfield></datafield><datafield ind1=" " ind2=" " tag="040"><subfield code="a">AQM</subfield><subfield code="b">eng</subfield><subfield code="c">AQM</subfield><subfield code="d">OCLCQ</subfield></datafield><datafield ind1="0" ind2=" " tag="130"><subfield code="a">Patriot (Mobile, Ala.)</subfield></datafield><datafield ind1="1" ind2="4" tag="245"><subfield code="a">The patriot.</subfield></datafield><datafield ind1=" " ind2=" " tag="250"><subfield code="a">[Country ed.].</subfield></datafield><datafield ind1=" " ind2=" " tag="260"><subfield code="a">[Mobile, Ala.] :</subfield><subfield code="b">P.P. Rea</subfield></datafield><datafield ind1=" " ind2=" " tag="300"><subfield code="a">v.</subfield></datafield><datafield ind1=" " ind2=" " tag="310"><subfield code="a">Weekly</subfield></datafield><datafield ind1="1" ind2=" " tag="362"><subfield code="a">Began in 1821? Ceased in Oct. 1832.</subfield><subfield code="z">Cf. Amer. newspapers, 1821-1936.</subfield></datafield><datafield ind1=" " ind2=" " tag="500"><subfield code="a">Published without masthead; title from publisher's statement.</subfield></datafield><datafield ind1=" " ind2=" " tag="580"><subfield code="a">City ed.: Mobile patriot.</subfield></datafield><datafield ind1=" " ind2=" " tag="588"><subfield code="a">Description based on: May 13, 1831.</subfield></datafield><datafield ind1=" " ind2="7" tag="655"><subfield code="a">Newspapers.</subfield><subfield code="2">rbgenr</subfield></datafield><datafield ind1=" " ind2=" " tag="752"><subfield code="a">United States</subfield><subfield code="b">Alabama</subfield><subfield code="c">Mobile</subfield><subfield code="d">Mobile.</subfield></datafield><datafield ind1="0" ind2=" " tag="775"><subfield code="t">Mobile patriot (Mobile, Ala. : Weekly)</subfield></datafield><datafield ind1="1" ind2=" " tag="775"><subfield code="t">Mobile patriot</subfield><subfield code="w">(DLC)sn 84023540</subfield></datafield><datafield ind1="0" ind2="7" tag="785"><subfield code="t">Mobile commercial register for the country (Mobile, Ala. : 1832)</subfield><subfield code="w">(DLC)sn 84025762</subfield></datafield><datafield ind1="0" ind2="7" tag="785"><subfield code="t">Mobile com. register and patriot (for the country)</subfield><subfield code="w">(DLC)   76642525</subfield></datafield><datafield ind1="1" ind2=" " tag="029"><subfield code="a">AU@</subfield><subfield code="b">000025825245</subfield></datafield></record>